%YAML 1.1
%TAG !u! tag:unity3d.com,2011:
--- !u!1 &7532104264443401881
GameObject:
  m_ObjectHideFlags: 0
  m_CorrespondingSourceObject: {fileID: 0}
  m_PrefabInstance: {fileID: 0}
  m_PrefabAsset: {fileID: 0}
  serializedVersion: 6
  m_Component:
  - component: {fileID: 7532104264443562681}
  - component: {fileID: 7532104264444365465}
  - component: {fileID: 7532104264445331545}
  - component: {fileID: 7532104264450827609}
  - component: {fileID: 6603411579323198690}
  - component: {fileID: 114069013383184320}
  - component: {fileID: 2922061247050709197}
  - component: {fileID: 3858693383045987422}
  - component: {fileID: 6624038642527561799}
  - component: {fileID: 5173286991018826032}
  m_Layer: 0
  m_Name: Flash4ka
  m_TagString: Untagged
  m_Icon: {fileID: 0}
  m_NavMeshLayer: 0
  m_StaticEditorFlags: 0
  m_IsActive: 1
--- !u!4 &7532104264443562681
Transform:
  m_ObjectHideFlags: 0
  m_CorrespondingSourceObject: {fileID: 0}
  m_PrefabInstance: {fileID: 0}
  m_PrefabAsset: {fileID: 0}
  m_GameObject: {fileID: 7532104264443401881}
  m_LocalRotation: {x: 0, y: 0, z: 0, w: 1}
  m_LocalPosition: {x: -0, y: 0, z: 0}
  m_LocalScale: {x: 1, y: 1, z: 1}
  m_Children: []
  m_Father: {fileID: 0}
  m_RootOrder: 0
  m_LocalEulerAnglesHint: {x: 0, y: 0, z: 0}
--- !u!33 &7532104264444365465
MeshFilter:
  m_ObjectHideFlags: 0
  m_CorrespondingSourceObject: {fileID: 0}
  m_PrefabInstance: {fileID: 0}
  m_PrefabAsset: {fileID: 0}
  m_GameObject: {fileID: 7532104264443401881}
  m_Mesh: {fileID: 4300000, guid: d3f4df7024518ab44a67dc0421201f05, type: 3}
--- !u!23 &7532104264445331545
MeshRenderer:
  m_ObjectHideFlags: 0
  m_CorrespondingSourceObject: {fileID: 0}
  m_PrefabInstance: {fileID: 0}
  m_PrefabAsset: {fileID: 0}
  m_GameObject: {fileID: 7532104264443401881}
  m_Enabled: 1
  m_CastShadows: 1
  m_ReceiveShadows: 1
  m_DynamicOccludee: 1
  m_MotionVectors: 1
  m_LightProbeUsage: 1
  m_ReflectionProbeUsage: 1
  m_RenderingLayerMask: 1
  m_RendererPriority: 0
  m_Materials:
  - {fileID: 2100000, guid: d3f4df7024518ab44a67dc0421201f05, type: 3}
  - {fileID: 2100002, guid: d3f4df7024518ab44a67dc0421201f05, type: 3}
  - {fileID: 2100004, guid: d3f4df7024518ab44a67dc0421201f05, type: 3}
  - {fileID: 2100006, guid: d3f4df7024518ab44a67dc0421201f05, type: 3}
  - {fileID: 2100008, guid: d3f4df7024518ab44a67dc0421201f05, type: 3}
  m_StaticBatchInfo:
    firstSubMesh: 0
    subMeshCount: 0
  m_StaticBatchRoot: {fileID: 0}
  m_ProbeAnchor: {fileID: 0}
  m_LightProbeVolumeOverride: {fileID: 0}
  m_ScaleInLightmap: 1
  m_PreserveUVs: 0
  m_IgnoreNormalsForChartDetection: 0
  m_ImportantGI: 0
  m_StitchLightmapSeams: 0
  m_SelectedEditorRenderState: 3
  m_MinimumChartSize: 4
  m_AutoUVMaxDistance: 0.5
  m_AutoUVMaxAngle: 89
  m_LightmapParameters: {fileID: 0}
  m_SortingLayerID: 0
  m_SortingLayer: 0
  m_SortingOrder: 0
--- !u!95 &7532104264450827609
Animator:
  serializedVersion: 3
  m_ObjectHideFlags: 0
  m_CorrespondingSourceObject: {fileID: 0}
  m_PrefabInstance: {fileID: 0}
  m_PrefabAsset: {fileID: 0}
  m_GameObject: {fileID: 7532104264443401881}
  m_Enabled: 1
  m_Avatar: {fileID: 9000000, guid: d3f4df7024518ab44a67dc0421201f05, type: 3}
  m_Controller: {fileID: 0}
  m_CullingMode: 0
  m_UpdateMode: 0
  m_ApplyRootMotion: 0
  m_LinearVelocityBlending: 0
  m_WarningMessage: 
  m_HasTransformHierarchy: 1
  m_AllowConstantClipSamplingOptimization: 1
  m_KeepAnimatorControllerStateOnDisable: 0
--- !u!114 &6603411579323198690
MonoBehaviour:
  m_ObjectHideFlags: 0
  m_CorrespondingSourceObject: {fileID: 0}
  m_PrefabInstance: {fileID: 0}
  m_PrefabAsset: {fileID: 0}
  m_GameObject: {fileID: 7532104264443401881}
  m_Enabled: 1
  m_EditorHideFlags: 0
  m_Script: {fileID: 11500000, guid: 64a0d17e91c6ca14bb1c34804504a9aa, type: 3}
  m_Name: 
  m_EditorClassIdentifier: 
--- !u!114 &114069013383184320
MonoBehaviour:
  m_ObjectHideFlags: 0
  m_CorrespondingSourceObject: {fileID: 0}
  m_PrefabInstance: {fileID: 0}
  m_PrefabAsset: {fileID: 0}
  m_GameObject: {fileID: 7532104264443401881}
  m_Enabled: 1
  m_EditorHideFlags: 0
  m_Script: {fileID: 11500000, guid: b220ea0c852a049499171b51c58596c1, type: 3}
  m_Name: 
  m_EditorClassIdentifier: 
  ConfigBlockly: 
  ConfigAssetBundle: 
  Icon: {fileID: 0}
  Name: Flash4ka
  DisplayNames:
    LocalizationStrings:
    - key: 10
      value: Flash 4ka
    IsValidDictionary: 1
  Description:
    LocalizationStrings:
    - key: 10
      value: Flash 4ka
    IsValidDictionary: 1
  AssetBundleParts: []
  Prefab: Assets/flash/VarwinObjects/prefab/Flash4ka/Flash4ka.prefab
  PrefabGuid: 8236d2ead11ac0046af955b591e5137f
  Guid: 0d3ebe67-92a2-448a-9d33-cbe978476b3f
  RootGuid: 0d3ebe67-92a2-448a-9d33-cbe978476b3f
  Locked: 0
  Embedded: 0
  SourcesIncluded: 0
  MobileReady: 0
  DisableSceneLogic: 0
  AddBehavioursAtRuntime: 1
  AuthorName: danilioja
  AuthorEmail: 
  AuthorUrl: 
  LicenseCode: cc-by
  LicenseVersion: 4.0
  BuiltAt: 26.03.2022 23:44:30 +03:00
  CurrentVersionWasBuilt: 1
  CurrentVersionWasBuiltAsMobileReady: 0
  Components:
    ComponentReferences:
    - Name: Flash4ka_0
      Component: {fileID: 6603411579323198690}
    - Name: InteractableObjectBehaviour_0
      Component: {fileID: 6624038642527561799}
--- !u!54 &2922061247050709197
Rigidbody:
  m_ObjectHideFlags: 0
  m_CorrespondingSourceObject: {fileID: 0}
  m_PrefabInstance: {fileID: 0}
  m_PrefabAsset: {fileID: 0}
  m_GameObject: {fileID: 7532104264443401881}
  serializedVersion: 2
  m_Mass: 1
  m_Drag: 0
  m_AngularDrag: 0.05
  m_UseGravity: 1
  m_IsKinematic: 0
  m_Interpolate: 0
  m_Constraints: 0
  m_CollisionDetection: 0
--- !u!65 &3858693383045987422
BoxCollider:
  m_ObjectHideFlags: 0
  m_CorrespondingSourceObject: {fileID: 0}
  m_PrefabInstance: {fileID: 0}
  m_PrefabAsset: {fileID: 0}
  m_GameObject: {fileID: 7532104264443401881}
  m_Material: {fileID: 0}
  m_IsTrigger: 1
  m_Enabled: 1
  serializedVersion: 2
  m_Size: {x: 0.042213187, y: 0.13382745, z: 0.04597076}
  m_Center: {x: -0.0006191544, y: -0.047184497, z: -0.0009853803}
--- !u!114 &6624038642527561799
MonoBehaviour:
  m_ObjectHideFlags: 0
  m_CorrespondingSourceObject: {fileID: 0}
  m_PrefabInstance: {fileID: 0}
  m_PrefabAsset: {fileID: 0}
  m_GameObject: {fileID: 7532104264443401881}
  m_Enabled: 1
  m_EditorHideFlags: 0
  m_Script: {fileID: 11500000, guid: de7338d1ff64bbc44bfbd17b39fb65da, type: 3}
  m_Name: 
  m_EditorClassIdentifier: 
  _isGrabbable: 1
  _isUsable: 1
  _isTouchable: 1
  OnGrabStarted:
    m_PersistentCalls:
      m_Calls: []
  OnGrabEnded:
    m_PersistentCalls:
      m_Calls: []
  OnUseStarted:
    m_PersistentCalls:
      m_Calls: []
  OnUseEnded:
    m_PersistentCalls:
      m_Calls: []
  OnTouchStarted:
    m_PersistentCalls:
      m_Calls: []
  OnTouchEnded:
    m_PersistentCalls:
      m_Calls: []
--- !u!114 &5173286991018826032
MonoBehaviour:
  m_ObjectHideFlags: 0
  m_CorrespondingSourceObject: {fileID: 0}
  m_PrefabInstance: {fileID: 0}
  m_PrefabAsset: {fileID: 0}
  m_GameObject: {fileID: 7532104264443401881}
  m_Enabled: 1
  m_EditorHideFlags: 0
  m_Script: {fileID: 11500000, guid: 8e0fef5926f5abc4abda01eb169b6e87, type: 3}
  m_Name: 
  m_EditorClassIdentifier: 
  Id: 17910
